<?xml version="1.0" encoding="UTF-8"?>
<record xmlns="http://www.loc.gov/MARC21/slim">
   <leader>01687cam a2200373 a 4500</leader>
   <controlfield tag="001">857285</controlfield>
   <controlfield tag="003">NjP</controlfield>
   <controlfield tag="005">20190705142243.0</controlfield>
   <controlfield tag="008">940104s1860    ua      a     000 0 ara d</controlfield>
   <datafield tag="024" ind1="7" ind2=" ">
      <subfield code="a">princeton_aco004263</subfield>
      <subfield code="2">local</subfield>
   </datafield>
   <datafield ind1=" " ind2=" " tag="040">
      <subfield code="a">NjP</subfield>
      <subfield code="c">PUL</subfield>
      <subfield code="d">PUL</subfield>
   </datafield>
   <datafield ind1=" " ind2=" " tag="035">
      <subfield code="a">(CStRLIN)NJPG94-B386</subfield>
   </datafield>
   <datafield ind1=" " ind2=" " tag="035">
      <subfield code="9">CAX2571TS</subfield>
   </datafield>
   <datafield ind1=" " ind2=" " tag="035">
      <subfield code="a">(NjP)857285</subfield>
   </datafield>
   <datafield ind1=" " ind2=" " tag="049">
      <subfield code="a">PULL</subfield>
   </datafield>
   <datafield ind1=" " ind2=" " tag="035">
      <subfield code="a">(OCoLC)ocm29685411</subfield>
   </datafield>
   <datafield ind1="1" ind2=" " tag="100">
      <subfield code="6">880-01</subfield>
      <subfield code="a">Awsī, ʻUmar ibn Ibrāhīm,</subfield>
      <subfield code="d">-1350 or 1351.</subfield>
      <subfield code="0">http://id.loc.gov/authorities/names/nr91040847</subfield>
   </datafield>
   <datafield ind1="1" ind2="0" tag="240">
      <subfield code="6">880-02</subfield>
      <subfield code="a">Qiṣṣat Yūsuf al-Ṣadīq al-musammá bi-Zahr al-kimām</subfield>
   </datafield>
   <datafield ind1="1" ind2="0" tag="245">
      <subfield code="6">880-03</subfield>
      <subfield code="a">Hādhā Kitāb qiṣṣat Yūsuf al-Ṣadīq al-musammá bi-Zahr al-kimām.</subfield>
   </datafield>
   <datafield ind1=" " ind2=" " tag="260">
      <subfield code="6">880-04</subfield>
      <subfield code="a">Miṣr :</subfield>
      <subfield code="b">Maṭbaʻat al-Ḥajar al-Bāhirah,</subfield>
      <subfield code="c">1277 [1860 or 1861]</subfield>
   </datafield>
   <datafield ind1=" " ind2=" " tag="300">
      <subfield code="a">272 p. ;</subfield>
      <subfield code="c">24 cm.</subfield>
   </datafield>
   <datafield ind1="0" ind2="0" tag="600">
      <subfield code="a">Joseph</subfield>
      <subfield code="c">(Son of Jacob)</subfield>
      <subfield code="0">http://id.loc.gov/authorities/names/n79097427</subfield>
   </datafield>
   <datafield ind1="0" ind2=" " tag="740">
      <subfield code="a">Qiṣṣat Yūsuf al-Ṣadīq al-musammá bi-Zahr al-kimām.</subfield>
   </datafield>
   <datafield ind1="0" ind2=" " tag="740">
      <subfield code="6">880-05</subfield>
      <subfield code="a">Zahr al-kimām.</subfield>
   </datafield>
   <datafield ind1="1" ind2=" " tag="880">
      <subfield code="6">100-01/r</subfield>
      <subfield code="a">اوسي، عمر بن ابراهيم،</subfield>
      <subfield code="d">-1350 or 1351.</subfield>
   </datafield>
   <datafield ind1="1" ind2="0" tag="880">
      <subfield code="6">240-02/r</subfield>
      <subfield code="a">قصة يوسف الصديق المسمى بزهر الكمام</subfield>
   </datafield>
   <datafield ind1="1" ind2="0" tag="880">
      <subfield code="6">245-03/r</subfield>
      <subfield code="a">هذا كتاب قصة يوسف الصديق المسمى بزهر الكمام.</subfield>
   </datafield>
   <datafield ind1=" " ind2=" " tag="880">
      <subfield code="6">260-04/r</subfield>
      <subfield code="a">مصر :</subfield>
      <subfield code="b">مطبعة الحجر الباهرة،</subfield>
      <subfield code="c">1277 [1860 or 1861]</subfield>
   </datafield>
   <datafield ind1="0" ind2=" " tag="880">
      <subfield code="6">740-00/r</subfield>
      <subfield code="a">قصة يوسف الصديق المسمى بزهر الكمام.</subfield>
   </datafield>
   <datafield ind1="0" ind2=" " tag="880">
      <subfield code="6">740-05/r</subfield>
      <subfield code="a">زهر الكمام.</subfield>
   </datafield>
   <datafield ind1=" " ind2=" " tag="998">
      <subfield code="a">01/11/94</subfield>
      <subfield code="s">9114</subfield>
      <subfield code="n">NjP</subfield>
      <subfield code="w">NJPG94B386</subfield>
      <subfield code="d">01/04/94</subfield>
      <subfield code="c">KC</subfield>
      <subfield code="b">JAB</subfield>
      <subfield code="i">940111</subfield>
      <subfield code="l">NJPG</subfield>
   </datafield>
   <datafield ind1=" " ind2=" " tag="911">
      <subfield code="a">19940120</subfield>
   </datafield>
   <datafield ind1=" " ind2=" " tag="912">
      <subfield code="a">19940111000000.0</subfield>
   </datafield>
   <datafield ind1=" " ind2=" " tag="994">
      <subfield code="a">C0</subfield>
      <subfield code="b">PUL</subfield>
   </datafield>
   <datafield ind1=" " ind2=" " tag="999">
      <subfield code="a">857285</subfield>
   </datafield>
   <datafield ind1=" " ind2=" " tag="979">
      <subfield code="a">(OCoLC)ocn176339937</subfield>
   </datafield>
   <datafield ind1="8" ind2="0" tag="852">
      <subfield code="0">976892</subfield>
      <subfield code="b">rcppa</subfield>
      <subfield code="t">1</subfield>
      <subfield code="h">2267.0587.374 1860</subfield>
      <subfield code="x">tr fr anxa</subfield>
   </datafield>
   <datafield ind1=" " ind2=" " tag="959">
      <subfield code="a">2000-06-13 00:00:00 -0500</subfield>
   </datafield>
</record>
